<record><leader>00000cas a22000007a 4500</leader><controlfield tag="001">9988415</controlfield><controlfield tag="008">831006d188019uunyuwr ne      0    0eng d</controlfield><datafield ind1=" " ind2=" " tag="010"><subfield code="a">sn 83031237 </subfield></datafield><datafield ind1=" " ind2=" " tag="040"><subfield code="a">NPU</subfield><subfield code="b">eng</subfield><subfield code="c">NPU</subfield><subfield code="d">NYG</subfield><subfield code="d">NYS</subfield><subfield code="d">OCLCQ</subfield></datafield><datafield ind1=" " ind2=" " tag="042"><subfield code="a">msc</subfield></datafield><datafield ind1="0" ind2="0" tag="245"><subfield code="a">Putnam Co. Republican.</subfield></datafield><datafield ind1="3" ind2="0" tag="246"><subfield code="a">Putnam County Republican</subfield></datafield><datafield ind1=" " ind2=" " tag="260"><subfield code="a">Carmel, Putnam Co., N.Y. :</subfield><subfield code="b">W.J. &amp; I.M. Blake</subfield></datafield><datafield ind1=" " ind2=" " tag="300"><subfield code="a">v. :</subfield><subfield code="b">ill. ;</subfield><subfield code="c">65 cm.</subfield></datafield><datafield ind1=" " ind2=" " tag="310"><subfield code="a">Weekly</subfield></datafield><datafield ind1="1" ind2=" " tag="362"><subfield code="a">Began in 1880.</subfield><subfield code="z">Cf. Pelletreau, Hist. of Putnam Co., 1886.</subfield></datafield><datafield ind1=" " ind2=" " tag="515"><subfield code="a">Continues numbering of: Putnam County monitor.</subfield></datafield><datafield ind1=" " ind2=" " tag="588"><subfield code="a">Description based on: Vol. 29, no. 40 (Mar. 7, 1885).</subfield></datafield><datafield ind1=" " ind2="4" tag="651"><subfield code="a">Carmel (N.Y.)</subfield><subfield code="v">Newspapers.</subfield></datafield><datafield ind1=" " ind2="4" tag="651"><subfield code="a">Putnam County (N.Y.)</subfield><subfield code="v">Newspapers.</subfield></datafield><datafield ind1=" " ind2=" " tag="752"><subfield code="a">United States</subfield><subfield code="b">New York</subfield><subfield code="c">Putnam</subfield><subfield code="d">Carmel.</subfield></datafield><datafield ind1="0" ind2="0" tag="780"><subfield code="t">Putnam County monitor</subfield><subfield code="w">(DLC)sn 83031236</subfield><subfield code="w">(OCoLC)9988131</subfield></datafield><datafield ind1="0" ind2="4" tag="785"><subfield code="t">Putnam County press</subfield><subfield code="w">(DLC)sn 86079144</subfield><subfield code="w">(OCoLC)13512722</subfield></datafield><datafield ind1="1" ind2=" " tag="029"><subfield code="a">AU@</subfield><subfield code="b">000020594062</subfield></datafield></record>